<record><leader>00000cas a22000007a 4500</leader><controlfield tag="001">26347385</controlfield><controlfield tag="008">920807d18991901nyuwr ne      0    0eng d</controlfield><controlfield tag="009">550</controlfield><datafield ind1=" " ind2=" " tag="010"><subfield code="a">sn 92062062 </subfield></datafield><datafield ind1=" " ind2=" " tag="040"><subfield code="a">NYS</subfield><subfield code="b">eng</subfield><subfield code="c">NYS</subfield><subfield code="d">OCLCQ</subfield></datafield><datafield ind1="1" ind2=" " tag="029"><subfield code="a">AU@</subfield><subfield code="b">000020718276</subfield></datafield><datafield ind1=" " ind2=" " tag="042"><subfield code="a">msc</subfield></datafield><datafield ind1="0" ind2="0" tag="245"><subfield code="a">Capital herald.</subfield></datafield><datafield ind1=" " ind2=" " tag="260"><subfield code="a">Little Valley, N.Y. ;</subfield><subfield code="a">Ellicottville, N.Y. :</subfield><subfield code="b">A.J. Salisbury</subfield></datafield><datafield ind1=" " ind2=" " tag="300"><subfield code="a">v.</subfield></datafield><datafield ind1=" " ind2=" " tag="310"><subfield code="a">Weekly</subfield></datafield><datafield ind1="0" ind2=" " tag="362"><subfield code="a">Vol. 1, no. 1 (Mar. 2, 1899)-v. 3, no. 11 (May 9, 1901).</subfield></datafield><datafield ind1=" " ind2="4" tag="651"><subfield code="a">Little Valley (N.Y.)</subfield><subfield code="v">Newspapers.</subfield></datafield><datafield ind1=" " ind2="4" tag="651"><subfield code="a">Ellicottville (N.Y.)</subfield><subfield code="v">Newspapers.</subfield></datafield><datafield ind1=" " ind2="4" tag="651"><subfield code="a">Cattaraugus County (N.Y.)</subfield><subfield code="v">Newspapers.</subfield></datafield><datafield ind1=" " ind2=" " tag="752"><subfield code="a">United States</subfield><subfield code="b">New York</subfield><subfield code="c">Cattaraugus</subfield><subfield code="d">Little Valley.</subfield></datafield><datafield ind1=" " ind2=" " tag="752"><subfield code="a">United States</subfield><subfield code="b">New York</subfield><subfield code="c">Cattaraugus</subfield><subfield code="d">Ellicottville.</subfield></datafield><datafield ind1="0" ind2="4" tag="780"><subfield code="t">Ellicottville news</subfield><subfield code="w">(DLC)sn 92061660</subfield></datafield><datafield ind1="0" ind2="4" tag="785"><subfield code="t">Little Valley spy</subfield><subfield code="w">(DLC)sn 95071038</subfield></datafield></record>